% Encoding: UTF-8

@book{larmanUML,
    title = {Applying UML and Patterns},
    author = {Larman, Craig},
    year = {2005},
    publisher = {Prentice Hall PTR}
}

@book{FowlerUML,
    title = {UML Distilled},
    author = {Fowler, Martin},
    year = {2003},
    publisher = {Addison-Wesley}
}