% Encoding: UTF-8

@book{larmanUML,
    title = {Applying UML and Patterns},
    author = {Larman, Craig},
    year = {2005},
    publisher = {Prentice Hall PTR}
}